<record><leader>00000cas a22000007a 4500</leader><controlfield tag="001">18096242</controlfield><controlfield tag="008">880616d19771984ohuer ne      0    0eng d</controlfield><datafield ind1=" " ind2=" " tag="010"><subfield code="a">sn 88078628 </subfield></datafield><datafield ind1=" " ind2=" " tag="040"><subfield code="a">ONP</subfield><subfield code="b">eng</subfield><subfield code="c">ONP</subfield><subfield code="d">OCLCQ</subfield></datafield><datafield ind1=" " ind2=" " tag="042"><subfield code="a">msc</subfield></datafield><datafield ind1="0" ind2="0" tag="245"><subfield code="a">Mid-Ohio farmer.</subfield></datafield><datafield ind1=" " ind2=" " tag="260"><subfield code="a">Seville, Ohio :</subfield><subfield code="b">Handley Hayes,</subfield><subfield code="c">1977-1984.</subfield></datafield><datafield ind1=" " ind2=" " tag="300"><subfield code="a">v.</subfield></datafield><datafield ind1=" " ind2=" " tag="310"><subfield code="a">Biweekly</subfield></datafield><datafield ind1="0" ind2=" " tag="362"><subfield code="a">32nd year, no. 1 (Jan. 10, 1977)-39th year, no. 5 (Mar. 12, 1984).</subfield></datafield><datafield ind1=" " ind2="4" tag="651"><subfield code="a">Seville (Ohio)</subfield><subfield code="v">Newspapers.</subfield></datafield><datafield ind1=" " ind2="4" tag="651"><subfield code="a">Medina County (Ohio)</subfield><subfield code="v">Newspapers.</subfield></datafield><datafield ind1=" " ind2=" " tag="752"><subfield code="a">United States</subfield><subfield code="b">Ohio</subfield><subfield code="c">Medina</subfield><subfield code="d">Seville.</subfield></datafield><datafield ind1="0" ind2="0" tag="780"><subfield code="t">Mid-Ohio farm weekly and Seville chronicle</subfield><subfield code="w">(DLC)sn 88078629</subfield></datafield><datafield ind1="0" ind2="4" tag="785"><subfield code="t">Firelands farmer (New London, Ohio)</subfield><subfield code="w">(DLC)sn 84007786</subfield></datafield></record>